%% This BibTeX bibliography file was created using BibDesk.
%% http://bibdesk.sourceforge.net/


%% Created for Timothy Williams at 2015-09-22 15:31:55 +0100 


%% Saved with string encoding Unicode (UTF-8) 



@misc{detectweb,
	Date-Added = {2015-09-22 12:59:44 +0000},
	Date-Modified = {2015-09-22 14:04:52 +0000},
	Title = {Detector Diagram: http://cds.cern.ch/record/1087860},
	Bdsk-Url-1 = {http://cds.cern.ch/record/1087860}}

@misc{bbprod,
	Date-Added = {2015-09-22 12:55:27 +0000},
	Date-Modified = {2015-09-22 14:31:37 +0000},
	Title = {b quark production plot: https://lhcb.web.cern.ch/lhcb/speakersbureau/html/bb\_ProductionAngles.html},
	Bdsk-Url-1 = {https://lhcb.web.cern.ch/lhcb/speakersbureau/html/bb_ProductionAngles.html}}

@phdthesis{CrystallBall,
	Author = {John Erthal Gaiser},
	Date-Added = {2015-08-26 00:11:55 +0000},
	Date-Modified = {2015-08-26 00:13:14 +0000},
	School = {Stanford University},
	Title = {Charmonium Spectroscopy From Radiative Decays},
	Year = {1982}}

@misc{gauss,
	Date-Added = {2015-08-24 08:25:02 +0000},
	Date-Modified = {2015-09-22 14:10:55 +0000},
	Title = {gauss http://lhcb-release-area.web.cern.ch/LHCb-release-area/DOC/gauss/},
	Bdsk-Url-1 = {http://lhcb-release-area.web.cern.ch/LHCb-release-area/DOC/gauss/}}

@misc{g410.1rn,
	Date-Added = {2015-08-04 10:32:39 +0000},
	Date-Modified = {2015-09-22 14:10:51 +0000},
	Title = {geant v10.1 : http://geant4.cern.ch/support/ReleaseNotes4.10.1.html},
	Bdsk-Url-1 = {http://geant4.cern.ch/support/ReleaseNotes4.10.1.html}}

@article{bcvegpy,
	Author = {Chang, Chao-Hsi and Driouichi, Chafik and Eerola, Paula and Wu, Xing Gang},
	Date-Added = {2015-08-03 16:01:09 +0000},
	Date-Modified = {2015-08-03 16:02:51 +0000},
	Journal = {Comput. Phys. Commun.},
	Pages = {192-224},
	Title = {{BCVEGPY: An Event generator for hadronic production of the $B\_c$ meson}},
	Volume = {159},
	Year = {2004}}

@article{Herwig,
	Author = {Bahr M et al.},
	Date-Added = {2015-08-03 15:50:19 +0000},
	Date-Modified = {2015-08-03 15:51:22 +0000},
	Journal = {Eur. Phys. J. C 58 639},
	Title = {Herwig++ Physics and Manual},
	Year = {2008}}

@article{Alves:2008zz,
	Author = {Alves~Jr., A. A. and others},
	Collaboration = {LHCb collaboration},
	Doi = {10.1088/1748-0221/3/08/S08005},
	Journal = {JINST},
	Pages = {S08005},
	Title = {{The \lhcb detector at the LHC}},
	Volume = {3},
	Year = {2008},
	Bdsk-Url-1 = {http://dx.doi.org/10.1088/1748-0221/3/08/S08005}}

@lhcbreport{LHCb-PUB-2011-003,
	Author = {Gligorov, Vladimir V},
	Number = {LHCb-PUB-2011-003},
	Title = {{A single track HLT1 trigger}}}

@lhcbreport{LHCb-PUB-2014-046,
	Author = {Puig, Albert},
	Number = {LHCb-PUB-2014-046},
	Title = {{The LHCb trigger in 2011 and 2012}}}

@article{LHCb-PROC-2011-008,
	Author = {Powell, A. and others},
	Journal = {PoS},
	Note = {\href{https://cdsweb.cern.ch/record/1322666?ln=en}{LHCb-PROC-2011-008}},
	Pages = {020},
	Slaccitation = {%%CITATION = POSCI,ICHEP2010,020;%%},
	Title = {{Particle identification at LHCb}},
	Volume = {ICHEP2010},
	Year = {2010}}

@article{LHCb-PROC-2011-006,
	Author = {Clemencic, M and others},
	Doi = {10.1088/1742-6596/331/3/032023},
	Journal = {{J. Phys. Conf. Ser.}},
	Pages = {032023},
	Title = {{The \lhcb simulation application, Gauss: Design, evolution and experience}},
	Volume = {331},
	Year = {2011},
	Bdsk-Url-1 = {http://dx.doi.org/10.1088/1742-6596/331/3/032023}}

@article{LHCb-PROC-2010-056,
	Author = {Belyaev, I. and others},
	Doi = {10.1088/1742-6596/331/3/032047},
	Journal = {{J. Phys. Conf. Ser.}},
	Pages = {032047},
	Title = {{Handling of the generation of primary events in Gauss, the LHCb simulation framework}},
	Volume = {331},
	Year = {2011},
	Bdsk-Url-1 = {http://dx.doi.org/10.1088/1742-6596/331/3/032047}}

@article{LHCb-PROC-2010-056_OLD,
	Author = {Belyaev, I. and others},
	Doi = {10.1109/NSSMIC.2010.5873949},
	Journal = {Nuclear Science Symposium Conference Record (NSS/MIC)},
	Pages = {1155},
	Title = {{Handling of the generation of primary events in Gauss, the LHCb simulation framework}},
	Volume = {IEEE},
	Year = {2010},
	Bdsk-Url-1 = {http://dx.doi.org/10.1109/NSSMIC.2010.5873949}}

@article{PDG2014,
	Author = {Olive, K. A. and others},
	Collaboration = {Particle Data Group},
	Date-Modified = {2015-09-20 15:35:23 +0000},
	Doi = {10.1088/1674-1137/38/9/090001},
	Journal = {Chin. Phys.},
	Pages = {090001},
	Title = {{\href{http://pdg.lbl.gov/}{Particle Data Group}}},
	Volume = {C38},
	Year = {2014},
	Bdsk-Url-1 = {http://dx.doi.org/10.1088/1674-1137/38/9/090001}}

@article{PDG2012,
	Author = {Beringer, J. and others},
	Collaboration = {Particle Data Group},
	Doi = {10.1103/PhysRevD.86.010001},
	Journal = {Phys. Rev.},
	Note = {{and 2013 partial update for the 2014 edition}},
	Pages = {010001},
	Title = {{\href{http://pdg.lbl.gov/}{Review of particle physics}}},
	Volume = {D86},
	Year = {2012},
	Bdsk-Url-1 = {http://dx.doi.org/10.1103/PhysRevD.86.010001}}

@article{HFAG,
	Archiveprefix = {arXiv},
	Author = {Amhis, Y. and others},
	Collaboration = {Heavy Flavor Averaging Group},
	Eprint = {1412.7515},
	Note = {{updated results and plots available at \href{http://www.slac.stanford.edu/xorg/hfag/}{{\tt http://www.slac.stanford.edu/xorg/hfag/}}}},
	Primaryclass = {hep-ex},
	Title = {{Averages of $b$-hadron, $c$-hadron, and $\tau$-lepton properties as of summer 2014}},
	Year = {2014}}

@article{Sjostrand:2006za,
	Archiveprefix = {arXiv},
	Author = {Sj\"{o}strand, Torbj\"{o}rn and Mrenna, Stephen and Skands, Peter"},
	Doi = {10.1088/1126-6708/2006/05/026},
	Eprint = {hep-ph/0603175},
	Journal = {JHEP},
	Pages = {026},
	Primaryclass = {hep-ph},
	Title = {{PYTHIA 6.4 physics and manual}},
	Volume = {05},
	Year = {2006},
	Bdsk-Url-1 = {http://dx.doi.org/10.1088/1126-6708/2006/05/026}}

@article{Sjostrand:2007gs,
	Archiveprefix = {arXiv},
	Author = {Sj\"{o}strand, Torbj\"{o}rn and Mrenna, Stephen and Skands, Peter"},
	Doi = {10.1016/j.cpc.2008.01.036},
	Eprint = {0710.3820},
	Journal = {Comput.Phys.Commun.},
	Pages = {852-867},
	Primaryclass = {hep-ph},
	Reportnumber = {CERN-LCGAPP-2007-04, LU-TP-07-28, FERMILAB-PUB-07-512-CD-T},
	Slaccitation = {%%CITATION = ARXIV:0710.3820;%%},
	Title = {{A brief introduction to PYTHIA 8.1}},
	Volume = {178},
	Year = {2008},
	Bdsk-Url-1 = {http://dx.doi.org/10.1016/j.cpc.2008.01.036}}

@article{Agostinelli:2002hh,
	Author = {Agostinelli, S. and others},
	Collaboration = {Geant4 collaboration},
	Doi = {10.1016/S0168-9002(03)01368-8},
	Journal = {Nucl. Instrum. Meth.},
	Pages = {250},
	Slaccitation = {%%CITATION = NUIMA,A506,250;%%},
	Title = {{Geant4: A simulation toolkit}},
	Volume = {A506},
	Year = {2003},
	Bdsk-Url-1 = {http://dx.doi.org/10.1016/S0168-9002(03)01368-8}}

@article{Allison:2006ve,
	Author = {Allison, John and Amako, K. and Apostolakis, J. and Araujo, H. and Dubois, P.A. and others},
	Collaboration = {Geant4 collaboration},
	Doi = {10.1109/TNS.2006.869826},
	Journal = {IEEE Trans.Nucl.Sci.},
	Pages = {270},
	Reportnumber = {SLAC-PUB-11870},
	Slaccitation = {%%CITATION = IETNA,53,270;%%},
	Title = {{Geant4 developments and applications}},
	Volume = {53},
	Year = {2006},
	Bdsk-Url-1 = {http://dx.doi.org/10.1109/TNS.2006.869826}}

@article{Tsaregorodtsev:2010zz,
	Author = {Tsaregorodtsev, A. and Brook, N. and Casajus Ramo, A. and Charpentier, P. and Closier, J. and others},
	Doi = {10.1088/1742-6596/219/6/062029},
	Journal = {J. Phys. Conf. Ser.},
	Pages = {062029},
	Slaccitation = {%%CITATION = 00462,219,062029;%%},
	Title = {{DIRAC3: The new generation of the LHCb grid software}},
	Volume = {219},
	Year = {2010},
	Bdsk-Url-1 = {http://dx.doi.org/10.1088/1742-6596/219/6/062029}}

@article{BelleDIRACAmazon,
	Author = {Graciani Diaz, Ricardo and Casajus Ramo, Adria and Carmona uero, Ana and Fifield, Thomas and Sevior, Martin},
	Doi = {10.1007/s10723-010-9175-7},
	Journal = {Journal of Grid Computing},
	Pages = {65-79},
	Title = {{Belle-DIRAC setup for using Amazon Elastic Compute Cloud}},
	Volume = {9},
	Year = {2011},
	Bdsk-Url-1 = {http://dx.doi.org/10.1007/s10723-010-9175-7}}

@article{Lange:2001uf,
	Author = {Lange, D. J.},
	Doi = {10.1016/S0168-9002(01)00089-4},
	Journal = {Nucl. Instrum. Meth.},
	Pages = {152-155},
	Slaccitation = {%%CITATION = NUIMA,A462,152;%%},
	Title = {{The EvtGen particle decay simulation package}},
	Volume = {A462},
	Year = {2001},
	Bdsk-Url-1 = {http://dx.doi.org/10.1016/S0168-9002(01)00089-4}}

@article{Golonka:2005pn,
	Archiveprefix = {arXiv},
	Author = {Golonka, Piotr and Was, Zbigniew},
	Doi = {10.1140/epjc/s2005-02396-4},
	Eprint = {hep-ph/0506026},
	Journal = {Eur.Phys.J.},
	Pages = {97-107},
	Primaryclass = {hep-ph},
	Reportnumber = {IFJPAN-V-05-01, CERN-PH-TH-2005-091},
	Slaccitation = {%%CITATION = HEP-PH/0506026;%%},
	Title = {{PHOTOS Monte Carlo: A precision tool for QED corrections in $Z$ and $W$ decays}},
	Volume = {C45},
	Year = {2006},
	Bdsk-Url-1 = {http://dx.doi.org/10.1140/epjc/s2005-02396-4}}

@phdthesis{Skwarnicki:1986xj,
	Author = {Skwarnicki, Tomasz},
	Note = {{\href{http://inspirehep.net/record/230779/}{DESY-F31-86-02}}},
	School = {Institute of Nuclear Physics, Krakow},
	Slaccitation = {%%CITATION = DESY-F31-86-02 ETC.;%%},
	Title = {{A study of the radiative cascade transitions between the Upsilon-prime and Upsilon resonances}},
	Year = {1986}}

@book{Breiman,
	Address = {Belmont, California, USA},
	Author = {Breiman, L. and Friedman, J. H. and Olshen, R. A. and Stone, C. J.},
	Publisher = {Wadsworth international group},
	Title = {Classification and regression trees},
	Year = {1984}}

@article{Roe,
	Archiveprefix = {arXiv},
	Author = {Roe, B.~P. and Yang, H.-J. and Zhu, J. and Liu, Y. and Stancu, I. and McGregor, G.},
	Doi = {10.1016/j.nima.2004.12.018},
	Eprint = {physics/0408124},
	Journal = {Nucl.Instrum.Meth.},
	Pages = {577-584},
	Primaryclass = {physics},
	Title = {{Boosted decision trees as an alternative to artificial neural networks for particle identification}},
	Volume = {A543},
	Year = {2005},
	Bdsk-Url-1 = {http://dx.doi.org/10.1016/j.nima.2004.12.018}}

@article{AdaBoost,
	Author = {Schapire, Robert E. and Freund, Yoav},
	Doi = {10.1006/jcss.1997.1504},
	Journal = {Jour. Comp. and Syst. Sc.},
	Pages = {119},
	Title = {A decision-theoretic generalization of on-line learning and an application to boosting},
	Volume = {55},
	Year = {1997},
	Bdsk-Url-1 = {http://dx.doi.org/10.1006/jcss.1997.1504}}

@article{BBDT,
	Archiveprefix = {arXiv},
	Author = {Gligorov, V. V. and Williams, M.},
	Doi = {10.1088/1748-0221/8/02/P02013},
	Eprint = {1210.6861},
	Journal = {JINST},
	Pages = {P02013},
	Primaryclass = {physics.ins-det},
	Title = {{Efficient, reliable and fast high-level triggering using a bonsai boosted decision tree}},
	Volume = {8},
	Year = {2013},
	Bdsk-Url-1 = {http://dx.doi.org/10.1088/1748-0221/8/02/P02013}}

@article{Hulsbergen:2005pu,
	Archiveprefix = {arXiv},
	Author = {Hulsbergen, Wouter D.},
	Doi = {10.1016/j.nima.2005.06.078},
	Eprint = {physics/0503191},
	Journal = {Nucl.Instrum.Meth.},
	Pages = {566-575},
	Primaryclass = {physics},
	Slaccitation = {%%CITATION = PHYSICS/0503191;%%},
	Title = {{Decay chain fitting with a Kalman filter}},
	Volume = {A552},
	Year = {2005},
	Bdsk-Url-1 = {http://dx.doi.org/10.1016/j.nima.2005.06.078}}

@article{Pivk:2004ty,
	Archiveprefix = {arXiv},
	Author = {Pivk, Muriel and Le Diberder, Francois R.},
	Doi = {10.1016/j.nima.2005.08.106},
	Eprint = {physics/0402083},
	Journal = {Nucl.Instrum.Meth.},
	Pages = {356-369},
	Primaryclass = {physics.data-an},
	Reportnumber = {LAL-04-07},
	Slaccitation = {%%CITATION = PHYSICS/0402083;%%},
	Title = {{sPlot: A statistical tool to unfold data distributions}},
	Volume = {A555},
	Year = {2005},
	Bdsk-Url-1 = {http://dx.doi.org/10.1016/j.nima.2005.08.106}}

@article{Wilks:1938dza,
	Author = {Wilks, S. S.},
	Doi = {10.1214/aoms/1177732360},
	Journal = {Annals Math.Statist.},
	Pages = {60-62},
	Slaccitation = {%%CITATION = AASTA,9,60;%%},
	Title = {{The large-sample distribution of the likelihood ratio for testing composite hypotheses}},
	Volume = {9},
	Year = {1938},
	Bdsk-Url-1 = {http://dx.doi.org/10.1214/aoms/1177732360}}

@inproceedings{Punzi:2003bu,
	Adsnote = {Provided by the SAO/NASA Astrophysics Data System},
	Adsurl = {http://adsabs.harvard.edu/abs/2003sppp.conf...79P},
	Archiveprefix = {arXiv},
	Author = {Punzi, G.},
	Booktitle = {Statistical Problems in Particle Physics, Astrophysics, and Cosmology},
	Editor = {{Lyons}, L. and {Mount}, R. and {Reitmeyer}, R.},
	Eprint = {physics/0308063},
	Pages = {79},
	Title = {{Sensitivity of searches for new signals and its optimization}},
	Year = 2003}

@article{fsfd,
	Archiveprefix = {arXiv},
	Author = {Aaij, R. and others},
	Collaboration = {LHCb collaboration},
	Doi = {10.1007/JHEP04(2013)001},
	Eprint = {1301.5286},
	Journal = {JHEP},
	Note = {$f_s/f_d$ value updated in \href{https://cds.cern.ch/record/1559262}{LHCb-CONF-2013-011}},
	Pages = {001},
	Primaryclass = {hep-ex},
	Reportnumber = {CERN-PH-EP-2013-006, LHCB-PAPER-2012-037},
	Slaccitation = {%%CITATION = ARXIV:1301.5286;%%},
	Title = {{Measurement of the fragmentation fraction ratio $f_s/f_d$ and its dependence on $B$ meson kinematics}},
	Volume = {04},
	Year = {2013},
	Bdsk-Url-1 = {http://dx.doi.org/10.1007/JHEP04(2013)001}}

@article{Pati:1974yy,
	Author = {Pati, Jogesh C. and Salam, Abdus},
	Doi = {10.1103/PhysRevD.10.275},
	Journal = {Phys. Rev.},
	Note = {Erratum-ibid. {\bf D11} (1975) 703},
	Pages = {275-289},
	Title = {{Lepton Number as the Fourth Color}},
	Volume = {D10},
	Year = {1974},
	Bdsk-Url-1 = {http://dx.doi.org/10.1103/PhysRevD.10.275}}

@article{Mohapatra:1979ia,
	Author = {Mohapatra, Rabindra N. and Senjanovic, Goran},
	Doi = {10.1103/PhysRevLett.44.912},
	Journal = {Phys.Rev.Lett.},
	Pages = {912},
	Reportnumber = {MDDP-TR-80-060, MDDP-PP-80-105, CCNY-HEP-79-10},
	Slaccitation = {%%CITATION = PRLTA,44,912;%%},
	Title = {{Neutrino Mass and Spontaneous Parity Violation}},
	Volume = {44},
	Year = {1980},
	Bdsk-Url-1 = {http://dx.doi.org/10.1103/PhysRevLett.44.912}}

@article{Pascoli:2007qh,
	Archiveprefix = {arXiv},
	Author = {Pascoli, S. and Petcov, S.T.},
	Doi = {10.1103/PhysRevD.77.113003},
	Eprint = {0711.4993},
	Journal = {Phys.\ Rev.},
	Pages = {113003},
	Primaryclass = {hep-ph},
	Title = {{Majorana neutrinos, neutrino mass spectrum and the $|\langle m \rangle| \sim 10^{-3}$~eV frontier in neutrinoless double beta decay}},
	Volume = {D77},
	Year = {2008},
	Bdsk-Url-1 = {http://dx.doi.org/10.1103/PhysRevD.77.113003}}

@article{FerroLuzzi:2005em,
	Author = {Ferro-Luzzi, M.},
	Doi = {10.1016/j.nima.2005.07.010},
	Journal = {Nucl.Instrum.Meth.},
	Pages = {388-399},
	Title = {{Proposal for an absolute luminosity determination in colliding beam experiments using vertex detection of beam-gas interactions}},
	Volume = {A553},
	Year = {2005},
	Bdsk-Url-1 = {http://dx.doi.org/10.1016/j.nima.2005.07.010}}

@article{Skands:2009zm,
	Archiveprefix = {arXiv},
	Author = {Skands, Peter Z.},
	Eprint = {0905.3418},
	Primaryclass = {hep-ph},
	Title = {{The Perugia tunes}},
	Year = {2009}}

@misc{BibTeX,
	Author = {Feder, Alexander},
	Howpublished = {\href{http://www.bibtex.org/} {http://www.bibtex.org/}},
	Title = {Your {Bib\TeX} resource}}

@misc{mciteplus,
	Author = {Shell, Michael},
	Howpublished = {\href{http://www.michaelshell.org/tex/mciteplus/} {http://www.michaelshell.org/tex/mciteplus/}},
	Title = {Mciteplus: Enhanced multicitations}}

@article{Bobeth:2011gi,
	Archiveprefix = {arXiv},
	Author = {Bobeth, Christoph and Hiller, Gudrun and van Dyk, Danny},
	Doi = {10.1007/JHEP07(2011)067},
	Eprint = {1105.0376},
	Journal = {JHEP},
	Pages = {067},
	Primaryclass = {hep-ph},
	Reportnumber = {DO-TH-10-16},
	Slaccitation = {%%CITATION = ARXIV:1105.0376;%%},
	Title = {{More benefits of semileptonic rare $B$ decays at low recoil: \CP Violation}},
	Volume = {07},
	Year = {2011},
	Bdsk-Url-1 = {http://dx.doi.org/10.1007/JHEP07(2011)067}}

@lhcbreport{LHCb-INT-2011-047,
	Author = {Dickens, Jeremy},
	Number = {LHCb-INT-2011-047},
	Title = {A measurement of the photon efficiency from the 2010 data}}

@lhcbreport{LHCb-ANA-2011-078,
	Author = {Adrover, C and Albrecht, J and Bettler, M-O and Carson, L and Cid Vidal, X and Elsasser, C and Hernando Morata, J A and Lanfranchi, G and Mancinelli, G and Martinez Santos, D and Matveev, M and Palutan, M and Perrin-Terrin, M and Sagidova, N and Sarti, A and Serrano, J and Shcheglov, Y and Steinkamp, O and Archilli, F and Sciascia, B},
	Number = {LHCb-ANA-2011-078},
	Title = {{Searches for $\Bs \to \mumu$ and $\Bd \to \mumu$ in $370 \invpb$ at LHCb}}}

@lhcbreport{CERN-THESIS-2014-057,
	Author = {Owen, Patrick},
	Month = {Mar},
	Number = {CERN-THESIS-2014-057},
	School = {Imperial Coll., London},
	Title = {{Measurement of branching fractions, isospin asymmetries and angular observables in exclusive electroweak penguin decays}},
	Year = {2014}}

@lhcbreport{LHCb-PROC-2014-017,
	Author = {Perret, Pascal},
	Month = {Jul},
	Number = {LHCb-PROC-2014-017},
	Title = {{First Years of Running for the LHCb Calorimeter system}},
	Year = {2014}}

@lhcbreport{LHCb-TALK-2014-257,
	Author = {Egede, Ulrik},
	Number = {LHCb-TALK-2014-257},
	Title = {Future of heavy flavour physics}}

@inproceedings{Follin:2014nva,
	Archiveprefix = {arXiv},
	Author = {Follin, F. and Jacquet, D.},
	Booktitle = {{Proceedings, ICFA Mini-Workshop on Beam-Beam Effects in Hadron Colliders (BB2013)}},
	Doi = {10.5170/CERN-2014-004.183},
	Eprint = {1410.3667},
	Note = {[,183(2014)]},
	Pages = {183-187},
	Primaryclass = {physics.acc-ph},
	Slaccitation = {%%CITATION = ARXIV:1410.3667;%%},
	Title = {{Implementation and experience with luminosity levelling with offset beam}},
	Url = {http://inspirehep.net/record/1322139/files/arXiv:1410.3667.pdf},
	Year = {2014},
	Bdsk-Url-1 = {http://inspirehep.net/record/1322139/files/arXiv:1410.3667.pdf},
	Bdsk-Url-2 = {http://dx.doi.org/10.5170/CERN-2014-004.183}}

@article{Chang:2007pp,
	Archiveprefix = {arXiv},
	Author = {Chang, Chao-Hsi and Wang, Jian-Xiong and Wu, Xing-Gang},
	Doi = {10.1016/j.cpc.2007.05.012},
	Eprint = {hep-ph/0702054},
	Journal = {Comput. Phys. Commun.},
	Pages = {467-478},
	Primaryclass = {hep-ph},
	Slaccitation = {%%CITATION = HEP-PH/0702054;%%},
	Title = {{GENXICC: A Generator for hadronic production of the double heavy baryons Xi(cc), Xi(bc) and Xi(bb)}},
	Volume = {177},
	Year = {2007},
	Bdsk-Url-1 = {http://dx.doi.org/10.1016/j.cpc.2007.05.012}}

@article{Gyulassy:1994ew,
	Archiveprefix = {arXiv},
	Author = {Gyulassy, Miklos and Wang, Xin-Nian},
	Doi = {10.1016/0010-4655(94)90057-4},
	Eprint = {nucl-th/9502021},
	Journal = {Comput. Phys. Commun.},
	Pages = {307},
	Primaryclass = {nucl-th},
	Reportnumber = {LBL-34246},
	Slaccitation = {%%CITATION = NUCL-TH/9502021;%%},
	Title = {{HIJING 1.0: A Monte Carlo program for parton and particle production in high-energy hadronic and nuclear collisions}},
	Volume = {83},
	Year = {1994},
	Bdsk-Url-1 = {http://dx.doi.org/10.1016/0010-4655(94)90057-4}}

@book{Brun:118715,
	Address = {Geneva},
	Author = {Brun, R and Hagelberg, R and Hansroul, M and Lassalle, J C},
	Publisher = {CERN},
	Title = {{Simulation program for particle physics experiments, GEANT: user guide and reference manual}},
	Url = {https://cds.cern.ch/record/118715},
	Year = {1978},
	Bdsk-Url-1 = {https://cds.cern.ch/record/118715}}

@book{wigmans2000calorimetry,
	Author = {Wigmans, R.},
	Isbn = {9780198502968},
	Lccn = {00061149},
	Publisher = {Clarendon Press},
	Series = {International series of monographs on physics},
	Title = {Calorimetry: Energy Measurement in Particle Physics},
	Url = {https://books.google.co.uk/books?id=vD9RFluMD5sC},
	Year = {2000},
	Bdsk-Url-1 = {https://books.google.co.uk/books?id=vD9RFluMD5sC}}

@book{eisberg1974quantum,
	Author = {Eisberg, R.M. and Resnick, R.},
	Isbn = {9780471234647},
	Lccn = {74001195},
	Publisher = {Wiley},
	Title = {Quantum physics of atoms, molecules, solids, nuclei, and particles},
	Url = {https://books.google.co.uk/books?id=a\_xQAAAAMAAJ},
	Year = {1974},
	Bdsk-Url-1 = {https://books.google.co.uk/books?id=a%5C_xQAAAAMAAJ}}

@article{PhysRev.89.1256,
	Author = {Bethe, H. A.},
	Doi = {10.1103/PhysRev.89.1256},
	Issue = {6},
	Journal = {Phys. Rev.},
	Month = {Mar},
	Numpages = {0},
	Pages = {1256--1266},
	Publisher = {American Physical Society},
	Title = {Moli\`ere's Theory of Multiple Scattering},
	Url = {http://link.aps.org/doi/10.1103/PhysRev.89.1256},
	Volume = {89},
	Year = {1953},
	Bdsk-Url-1 = {http://link.aps.org/doi/10.1103/PhysRev.89.1256},
	Bdsk-Url-2 = {http://dx.doi.org/10.1103/PhysRev.89.1256}}

@article{Gottschalk1993467,
	Author = {B. Gottschalk and A.M. Koehler and R.J. Schneider and J.M. Sisterson and M.S. Wagner},
	Doi = {http://dx.doi.org/10.1016/0168-583X(93)95944-Z},
	Issn = {0168-583X},
	Journal = {Nuclear Instruments and Methods in Physics Research Section B: Beam Interactions with Materials and Atoms},
	Number = {4},
	Pages = {467 - 490},
	Title = {Multiple Coulomb scattering of 160 MeV protons},
	Url = {http://www.sciencedirect.com/science/article/pii/0168583X9395944Z},
	Volume = {74},
	Year = {1993},
	Bdsk-Url-1 = {http://www.sciencedirect.com/science/article/pii/0168583X9395944Z},
	Bdsk-Url-2 = {http://dx.doi.org/10.1016/0168-583X(93)95944-Z}}

@article{Highland1975497,
	Author = {Virgil L. Highland},
	Doi = {http://dx.doi.org/10.1016/0029-554X(75)90743-0},
	Issn = {0029-554X},
	Journal = {Nuclear Instruments and Methods},
	Number = {2},
	Pages = {497 - 499},
	Title = {Some practical remarks on multiple scattering},
	Url = {http://www.sciencedirect.com/science/article/pii/0029554X75907430},
	Volume = {129},
	Year = {1975},
	Bdsk-Url-1 = {http://www.sciencedirect.com/science/article/pii/0029554X75907430},
	Bdsk-Url-2 = {http://dx.doi.org/10.1016/0029-554X(75)90743-0}}

@article{1742-6596-219-3-032045,
	Author = {V N Ivanchenko and O Kadri and M Maire and L Urban},
	Journal = {Journal of Physics: Conference Series},
	Number = {3},
	Pages = {032045},
	Title = {Geant4 models for simulation of multiple scattering},
	Url = {http://stacks.iop.org/1742-6596/219/i=3/a=032045},
	Volume = {219},
	Year = {2010},
	Bdsk-Url-1 = {http://stacks.iop.org/1742-6596/219/i=3/a=032045}}

@article{PhysRev.78.526,
	Author = {Lewis, H. W.},
	Doi = {10.1103/PhysRev.78.526},
	Issue = {5},
	Journal = {Phys. Rev.},
	Month = {Jun},
	Numpages = {0},
	Pages = {526--529},
	Publisher = {American Physical Society},
	Title = {Multiple Scattering in an Infinite Medium},
	Url = {http://link.aps.org/doi/10.1103/PhysRev.78.526},
	Volume = {78},
	Year = {1950},
	Bdsk-Url-1 = {http://link.aps.org/doi/10.1103/PhysRev.78.526},
	Bdsk-Url-2 = {http://dx.doi.org/10.1103/PhysRev.78.526}}

@article{1748-0221-8-04-P04022,
	Author = {R Aaij and J Albrecht and F Alessio and S Amato and E Aslanides and I Belyaev and M van Beuzekom and E Bonaccorsi and R Bonnefoy and L Brarda and O Callot and M Cattaneo and H Chanal and M Chebbi and X Cid Vidal and M Clemencic and J Closier and V Coco and J Cogan and O Deschamps and H Dijkstra and C Drancourt and R Dzhelyadin and M Frank and M Gandelman and C Gaspar and V V Gligorov and C G{\"o}bel and L A Granado Cardoso and Yu Guz and C Haen and J He and E van Herwijnen and W Hulsbergen and R Jacobsson and B Jost and T M Karbach and U Kerzel and P Koppenburg and G Krocker and C Langenbruch and I Lax and R Le Gac and R Lef{\`e}vre and J Lefran{\c c}ois and O Leroy and L Li Gioi and G Liu and F Machefert and I V Machikhiliyan and M Magne and G Mancinelli and U Marconi and A Mart{\'\i}n S{\'a}nchez and M -N Minard and S Monteil and N Neufeld and V Niess and S Oggero and A P{\'e}rez-Calero Yzquierdo and P Perret and M Perrin-Terrin and B Pietrzyk and A Puig Navarro and G Raven and P Robbe and H Ruiz and M -H Schune and R Schwemmer and J Serrano and I Shapoval and T Skwarnicki and B Souza De Paula and P Spradlin and S Stahl and V K Subbiah and S T'Jampens and F Teubert and C Thomas and M Vesterinen and M Williams and M Witek and A Zvyagin},
	Journal = {Journal of Instrumentation},
	Number = {04},
	Pages = {P04022},
	Title = {The LHCb trigger and its performance in 2011},
	Url = {http://stacks.iop.org/1748-0221/8/i=04/a=P04022},
	Volume = {8},
	Year = {2013},
	Bdsk-Url-1 = {http://stacks.iop.org/1748-0221/8/i=04/a=P04022}}

@techreport{Tolk:1701134,
	Address = {Geneva},
	Author = {Tolk, S and Albrecht, J and Dettori, F and Pellegrino, A},
	Institution = {CERN},
	Month = {May},
	Number = {LHCb-PUB-2014-039. CERN-LHCb-PUB-2014-039},
	Reportnumber = {LHCb-PUB-2014-039},
	Title = {{Data driven trigger efficiency determination at LHCb}},
	Url = {https://cds.cern.ch/record/1701134},
	Year = {2014},
	Bdsk-Url-1 = {https://cds.cern.ch/record/1701134}}

@article{2005NIMPA.555..370Y,
	Adsnote = {Provided by the SAO/NASA Astrophysics Data System},
	Adsurl = {http://adsabs.harvard.edu/abs/2005NIMPA.555..370Y},
	Author = {{Yang}, H.-J. and {Roe}, B.~P. and {Zhu}, J.},
	Doi = {10.1016/j.nima.2005.09.022},
	Eprint = {physics/0508045},
	Journal = {Nuclear Instruments and Methods in Physics Research A},
	Month = dec,
	Pages = {370-385},
	Title = {{Studies of boosted decision trees for MiniBooNE particle identification}},
	Volume = 555,
	Year = 2005,
	Bdsk-Url-1 = {http://dx.doi.org/10.1016/j.nima.2005.09.022}}

@article{Hocker:2007ht,
	Archiveprefix = {arXiv},
	Author = {Hoecker, Andreas and Speckmayer, Peter and Stelzer, Joerg and Therhaag, Jan and von Toerne, Eckhard and Voss, Helge},
	Eprint = {physics/0703039},
	Journal = {PoS},
	Pages = {040},
	Slaccitation = {%%CITATION = PHYSICS/0703039;%%},
	Title = {{TMVA: Toolkit for Multivariate Data Analysis}},
	Volume = {ACAT},
	Year = {2007}}

@article{Verkerke:2003ir,
	Archiveprefix = {arXiv},
	Author = {Verkerke, Wouter and Kirkby, David P.},
	Booktitle = {{Statistical problems in particle physics, astrophysics and cosmology. Proceedings, Conference, PHYSTAT05, Oxford, UK, September 12-15, 2005}},
	Eprint = {physics/0306116},
	Journal = {eConf},
	Note = {[,186(2003)]},
	Pages = {MOLT007},
	Primaryclass = {physics},
	Reportnumber = {CHEP-2003-MOLT007},
	Slaccitation = {%%CITATION = PHYSICS/0306116;%%},
	Title = {{The RooFit toolkit for data modeling}},
	Volume = {C0303241},
	Year = {2003}}

@article{Aubert:2006fj,
	Archiveprefix = {arXiv},
	Author = {Aubert, Bernard and others},
	Collaboration = {BaBar},
	Doi = {10.1103/PhysRevLett.97.201802},
	Eprint = {hep-ex/0608005},
	Journal = {Phys. Rev. Lett.},
	Pages = {201802},
	Primaryclass = {hep-ex},
	Reportnumber = {SLAC-PUB-12011, BABAR-PUB-06-053},
	Slaccitation = {%%CITATION = HEP-EX/0608005;%%},
	Title = {{Measurement of branching fractions and charge asymmetries in B decays to an eta meson and a K* meson}},
	Volume = {97},
	Year = {2006},
	Bdsk-Url-1 = {http://dx.doi.org/10.1103/PhysRevLett.97.201802}}

@article{Wang:2007rzb,
	Archiveprefix = {arXiv},
	Author = {Wang, C. H. and others},
	Booktitle = {{Proceedings of the 33rd International Conference on High Energy Physics (ICHEP '06)}},
	Collaboration = {Belle},
	Doi = {10.1103/PhysRevD.75.092005},
	Eprint = {hep-ex/0701057},
	Journal = {Phys. Rev.},
	Pages = {092005},
	Primaryclass = {hep-ex},
	Reportnumber = {HEPEX.0701057, BELLE-2007-8},
	Slaccitation = {%%CITATION = HEP-EX/0701057;%%},
	Title = {{Measurement of charmless B Decays to eta K* and eta rho}},
	Volume = {D75},
	Year = {2007},
	Bdsk-Url-1 = {http://dx.doi.org/10.1103/PhysRevD.75.092005}}

@article{Aaij:1978280,
	Author = {Aaij, Roel and Adeva, Bernardo and Adinolfi, Marco and Affolder, Anthony and Ajaltouni, Ziad and Akar, Simon and Albrecht, Johannes and Alessio, Federico and Alexander, Michael and Ali, Suvayu and Alkhazov, Georgy and Alvarez Cartelle, Paula and Alves Jr, Antonio Augusto and Amato, Sandra and Amerio, Silvia and Amhis, Yasmine and An, Liupan and Anderlini, Lucio and Anderson, Jonathan and Andreassen, Rolf and Andreotti, Mirco and Andrews, Jason and Appleby, Robert and Aquines Gutierrez, Osvaldo and Archilli, Flavio and Artamonov, Alexander and Artuso, Marina and Aslanides, Elie and Auriemma, Giulio and Baalouch, Marouen and Bachmann, Sebastian and Back, John and Badalov, Alexey and Baesso, Clarissa and Baldini, Wander and Barlow, Roger and Barschel, Colin and Barsuk, Sergey and Barter, William and Batozskaya, Varvara and Battista, Vincenzo and Bay, Aurelio and Beaucourt, Leo and Beddow, John and Bedeschi, Franco and Bediaga, Ignacio and Belogurov, Sergey and Belous, Konstantin and Belyaev, Ivan and Ben-Haim, Eli and Bencivenni, Giovanni and Benson, Sean and Benton, Jack and Berezhnoy, Alexander and Bernet, Roland and Bettler, Marc-Olivier and van Beuzekom, Martinus and Bien, Alexander and Bifani, Simone and Bird, Thomas and Bizzeti, Andrea and Bj{\o}rnstad, P{\aa}l Marius and Blake, Thomas and Blanc, Fr{\'e}d{\'e}ric and Blouw, Johan and Blusk, Steven and Bocci, Valerio and Bondar, Alexander and Bondar, Nikolay and Bonivento, Walter and Borghi, Silvia and Borgia, Alessandra and Borsato, Martino and Bowcock, Themistocles and Bowen, Espen Eie and Bozzi, Concezio and Brambach, Tobias and Bressieux, Jo{\"e}l and Brett, David and Britsch, Markward and Britton, Thomas and Brodzicka, Jolanta and Brook, Nicholas and Brown, Henry and Bursche, Albert and Buytaert, Jan and Cadeddu, Sandro and Calabrese, Roberto and Calvi, Marta and Calvo Gomez, Miriam and Campana, Pierluigi and Campora Perez, Daniel and Carbone, Angelo and Carboni, Giovanni and Cardinale, Roberta and Cardini, Alessandro and Carson, Laurence and Carvalho Akiba, Kazuyoshi and Casse, Gianluigi and Cassina, Lorenzo and Castillo Garcia, Lucia and Cattaneo, Marco and Cauet, Christophe and Cenci, Riccardo and Charles, Matthew and Charpentier, Philippe and Chefdeville, Maximilien and Chen, Shanzhen and Cheung, Shu-Faye and Chiapolini, Nicola and Chrzaszcz, Marcin and Ciba, Krzystof and Cid Vidal, Xabier and Ciezarek, Gregory and Clarke, Peter and Clemencic, Marco and Cliff, Harry and Closier, Joel and Coco, Victor and Cogan, Julien and Cogneras, Eric and Cogoni, Violetta and Cojocariu, Lucian and Collazuol, Gianmaria and Collins, Paula and Comerma-Montells, Albert and Contu, Andrea and Cook, Andrew and Coombes, Matthew and Coquereau, Samuel and Corti, Gloria and Corvo, Marco and Counts, Ian and Couturier, Benjamin and Cowan, Greig and Craik, Daniel Charles and Crocombe, Andrew and Cruz Torres, Melissa Maria and Cunliffe, Samuel and Currie, Robert and D'Ambrosio, Carmelo and Dalseno, Jeremy and David, Pascal and David, Pieter and Davis, Adam and De Bruyn, Kristof and De Capua, Stefano and De Cian, Michel and De Miranda, Jussara and De Paula, Leandro and De Silva, Weeraddana and De Simone, Patrizia and Decamp, Daniel and Deckenhoff, Mirko and Del Buono, Luigi and D{\'e}l{\'e}age, Nicolas and Derkach, Denis and Deschamps, Olivier and Dettori, Francesco and Di Canto, Angelo and Dijkstra, Hans and Donleavy, Stephanie and Dordei, Francesca and Dorigo, Mirco and Dosil Su{\'a}rez, Alvaro and Dossett, David and Dovbnya, Anatoliy and Dreimanis, Karlis and Dujany, Giulio and Dupertuis, Frederic and Durante, Paolo and Dzhelyadin, Rustem and Dziurda, Agnieszka and Dzyuba, Alexey and Easo, Sajan and Egede, Ulrik and Egorychev, Victor and Eidelman, Semen and Eisenhardt, Stephan and Eitschberger, Ulrich and Ekelhof, Robert and Eklund, Lars and El Rifai, Ibrahim and Elsasser, Christian and Ely, Scott and Esen, Sevda and Evans, Hannah Mary and Evans, Timothy and Falabella, Antonio and F{\"a}rber, Christian and Farinelli, Chiara and Farley, Nathanael and Farry, Stephen and Fay, Robert and Ferguson, Dianne and Fernandez Albor, Victor and Ferreira Rodrigues, Fernando and Ferro-Luzzi, Massimiliano and Filippov, Sergey and Fiore, Marco and Fiorini, Massimiliano and Firlej, Miroslaw and Fitzpatrick, Conor and Fiutowski, Tomasz and Fol, Philip and Fontana, Marianna and Fontanelli, Flavio and Forty, Roger and Francisco, Oscar and Frank, Markus and Frei, Christoph and Frosini, Maddalena and Fu, Jinlin and Furfaro, Emiliano and Gallas Torreira, Abraham and Galli, Domenico and Gallorini, Stefano and Gambetta, Silvia and Gandelman, Miriam and Gandini, Paolo and Gao, Yuanning and Garc{\'\i}a Pardi{\~n}as, Juli{\'a}n and Garofoli, Justin and Garra Tico, Jordi and Garrido, Lluis and Gascon, David and Gaspar, Clara and Gauld, Rhorry and Gavardi, Laura and Geraci, Angelo and Gersabeck, Evelina and Gersabeck, Marco and Gershon, Timothy and Ghez, Philippe and Gianelle, Alessio and Gian{\`\i}, Sebastiana and Gibson, Valerie and Giubega, Lavinia-Helena and Gligorov, Vladimir and G{\"o}bel, Carla and Golubkov, Dmitry and Golutvin, Andrey and Gomes, Alvaro and Gotti, Claudio and Grabalosa G{\'a}ndara, Marc and Graciani Diaz, Ricardo and Granado Cardoso, Luis Alberto and Graug{\'e}s, Eugeni and Graverini, Elena and Graziani, Giacomo and Grecu, Alexandru and Greening, Edward and Gregson, Sam and Griffith, Peter and Grillo, Lucia and Gr{\"u}nberg, Oliver and Gui, Bin and Gushchin, Evgeny and Guz, Yury and Gys, Thierry and Hadjivasiliou, Christos and Haefeli, Guido and Haen, Christophe and Haines, Susan and Hall, Samuel and Hamilton, Brian and Hampson, Thomas and Han, Xiaoxue and Hansmann-Menzemer, Stephanie and Harnew, Neville and Harnew, Samuel and Harrison, Jonathan and He, Jibo and Head, Timothy and Heijne, Veerle and Hennessy, Karol and Henrard, Pierre and Henry, Louis and Hernando Morata, Jose Angel and van Herwijnen, Eric and He{\ss}, Miriam and Hicheur, Adl{\`e}ne and Hill, Donal and Hoballah, Mostafa and Hombach, Christoph and Hulsbergen, Wouter and Hunt, Philip and Hussain, Nazim and Hutchcroft, David and Hynds, Daniel and Idzik, Marek and Ilten, Philip and Jacobsson, Richard and Jaeger, Andreas and Jalocha, Pawel and Jans, Eddy and Jaton, Pierre and Jawahery, Abolhassan and Jing, Fanfan and John, Malcolm and Johnson, Daniel and Jones, Christopher and Joram, Christian and Jost, Beat and Jurik, Nathan and Kandybei, Sergii and Kanso, Walaa and Karacson, Matthias and Karbach, Moritz and Karodia, Sarah and Kelsey, Matthew and Kenyon, Ian and Ketel, Tjeerd and Khanji, Basem and Khurewathanakul, Chitsanu and Klaver, Suzanne and Klimaszewski, Konrad and Kochebina, Olga and Kolpin, Michael and Komarov, Ilya and Koopman, Rose and Koppenburg, Patrick and Korolev, Mikhail and Kozlinskiy, Alexandr and Kravchuk, Leonid and Kreplin, Katharina and Kreps, Michal and Krocker, Georg and Krokovny, Pavel and Kruse, Florian and Kucewicz, Wojciech and Kucharczyk, Marcin and Kudryavtsev, Vasily and Kurek, Krzysztof and Kvaratskheliya, Tengiz and La Thi, Viet Nga and Lacarrere, Daniel and Lafferty, George and Lai, Adriano and Lambert, Dean and Lambert, Robert W and Lanfranchi, Gaia and Langenbruch, Christoph and Langhans, Benedikt and Latham, Thomas and Lazzeroni, Cristina and Le Gac, Renaud and van Leerdam, Jeroen and Lees, Jean-Pierre and Lef{\`e}vre, Regis and Leflat, Alexander and Lefran{\c c}ois, Jacques and Leo, Sabato and Leroy, Olivier and Lesiak, Tadeusz and Leverington, Blake and Li, Yiming and Likhomanenko, Tatiana and Liles, Myfanwy and Lindner, Rolf and Linn, Christian and Lionetto, Federica and Liu, Bo and Lohn, Stefan and Longstaff, Iain and Lopes, Jose and Lopez-March, Neus and Lowdon, Peter and Lucchesi, Donatella and Luo, Haofei and Lupato, Anna and Luppi, Eleonora and Lupton, Oliver and Machefert, Frederic and Machikhiliyan, Irina V and Maciuc, Florin and Maev, Oleg and Malde, Sneha and Malinin, Alexander and Manca, Giulia and Mancinelli, Giampiero and Mapelli, Alessandro and Maratas, Jan and Marchand, Jean Fran{\c c}ois and Marconi, Umberto and Marin Benito, Carla and Marino, Pietro and M{\"a}rki, Raphael and Marks, J{\"o}rg and Martellotti, Giuseppe and Martens, Aurelien and Mart{\'\i}n S{\'a}nchez, Alexandra and Martinelli, Maurizio and Martinez Santos, Diego and Martinez Vidal, Fernando and Martins Tostes, Danielle and Massafferri, Andr{\'e} and Matev, Rosen and Mathe, Zoltan and Matteuzzi, Clara and Mazurov, Alexander and McCann, Michael and McCarthy, James and McNab, Andrew and McNulty, Ronan and McSkelly, Ben and Meadows, Brian and Meier, Frank and Meissner, Marco and Merk, Marcel and Milanes, Diego Alejandro and Minard, Marie-Noelle and Moggi, Niccol{\`o} and Molina Rodriguez, Josue and Monteil, Stephane and Morandin, Mauro and Morawski, Piotr and Mord{\`a}, Alessandro and Morello, Michael Joseph and Moron, Jakub and Morris, Adam Benjamin and Mountain, Raymond and Muheim, Franz and M{\"u}ller, Katharina and Mussini, Manuel and Muster, Bastien and Naik, Paras and Nakada, Tatsuya and Nandakumar, Raja and Nasteva, Irina and Needham, Matthew and Neri, Nicola and Neubert, Sebastian and Neufeld, Niko and Neuner, Max and Nguyen, Anh Duc and Nguyen, Thi-Dung and Nguyen-Mau, Chung and Nicol, Michelle and Niess, Valentin and Niet, Ramon and Nikitin, Nikolay and Nikodem, Thomas and Novoselov, Alexey and O'Hanlon, Daniel Patrick and Oblakowska-Mucha, Agnieszka and Obraztsov, Vladimir and Oggero, Serena and Ogilvy, Stephen and Okhrimenko, Oleksandr and Oldeman, Rudolf and Onderwater, Gerco and Orlandea, Marius and Otalora Goicochea, Juan Martin and Owen, Patrick and Oyanguren, Maria Arantza and Pal, Bilas Kanti and Palano, Antimo and Palombo, Fernando and Palutan, Matteo and Panman, Jacob and Papanestis, Antonios and Pappagallo, Marco and Pappalardo, Luciano and Parkes, Christopher and Parkinson, Christopher John and Passaleva, Giovanni and Patel, Girish and Patel, Mitesh and Patrignani, Claudia and Pearce, Alex and Pellegrino, Antonio and Penso, Gianni and Pepe Altarelli, Monica and Perazzini, Stefano and Perret, Pascal and Perrin-Terrin, Mathieu and Pescatore, Luca and Pesen, Erhan and Pessina, Gianluigi and Petridis, Konstantin and Petrolini, Alessandro and Picatoste Olloqui, Eduardo and Pietrzyk, Boleslaw and Pila{\v r}, Tomas and Pinci, Davide and Pistone, Alessandro and Playfer, Stephen and Plo Casasus, Maximo and Polci, Francesco and Poluektov, Anton and Polyakov, Ivan and Polycarpo, Erica and Popov, Alexander and Popov, Dmitry and Popovici, Bogdan and Potterat, C{\'e}dric and Price, Eugenia and Price, Joseph David and Prisciandaro, Jessica and Pritchard, Adrian and Prouve, Claire and Pugatch, Valery and Puig Navarro, Albert and Punzi, Giovanni and Qian, Wenbin and Rachwal, Bartolomiej and Rademacker, Jonas and Rakotomiaramanana, Barinjaka and Rama, Matteo and Rangel, Murilo and Raniuk, Iurii and Rauschmayr, Nathalie and Raven, Gerhard and Redi, Federico and Reichert, Stefanie and Reid, Matthew and dos Reis, Alberto and Ricciardi, Stefania and Richards, Sophie and Rihl, Mariana and Rinnert, Kurt and Rives Molina, Vincente and Robbe, Patrick and Rodrigues, Ana Barbara and Rodrigues, Eduardo and Rodriguez Perez, Pablo and Roiser, Stefan and Romanovsky, Vladimir and Romero Vidal, Antonio and Rotondo, Marcello and Rouvinet, Julien and Ruf, Thomas and Ruiz, Hugo and Ruiz Valls, Pablo and Saborido Silva, Juan Jose and Sagidova, Naylya and Sail, Paul and Saitta, Biagio and Salustino Guimaraes, Valdir and Sanchez Mayordomo, Carlos and Sanmartin Sedes, Brais and Santacesaria, Roberta and Santamarina Rios, Cibran and Santovetti, Emanuele and Sarti, Alessio and Satriano, Celestina and Satta, Alessia and Saunders, Daniel Martin and Savrina, Darya and Schiller, Manuel and Schindler, Heinrich and Schlupp, Maximilian and Schmelling, Michael and Schmidt, Burkhard and Schneider, Olivier and Schopper, Andreas and Schune, Marie Helene and Schwemmer, Rainer and Sciascia, Barbara and Sciubba, Adalberto and Semennikov, Alexander and Sepp, Indrek and Serra, Nicola and Serrano, Justine and Sestini, Lorenzo and Seyfert, Paul and Shapkin, Mikhail and Shapoval, Illya and Shcheglov, Yury and Shears, Tara and Shekhtman, Lev and Shevchenko, Vladimir and Shires, Alexander and Silva Coutinho, Rafael and Simi, Gabriele and Sirendi, Marek and Skidmore, Nicola and Skillicorn, Ian and Skwarnicki, Tomasz and Smith, Anthony and Smith, Edmund and Smith, Eluned and Smith, Jackson and Smith, Mark and Snoek, Hella and Sokoloff, Michael and Soler, Paul and Soomro, Fatima and Souza, Daniel and Souza De Paula, Bruno and Spaan, Bernhard and Sparkes, Ailsa and Spradlin, Patrick and Sridharan, Srikanth and Stagni, Federico and Stahl, Marian and Stahl, Sascha and Steinkamp, Olaf and Stenyakin, Oleg and Stevenson, Scott and Stoica, Sabin and Stone, Sheldon and Storaci, Barbara and Stracka, Simone and Straticiuc, Mihai and Straumann, Ulrich and Stroili, Roberto and Subbiah, Vijay Kartik and Sun, Liang and Sutcliffe, William and Swientek, Krzysztof and Swientek, Stefan and Syropoulos, Vasileios and Szczekowski, Marek and Szczypka, Paul and Szumlak, Tomasz and T'Jampens, Stephane and Teklishyn, Maksym and Tellarini, Giulia and Teubert, Frederic and Thomas, Christopher and Thomas, Eric and van Tilburg, Jeroen and Tisserand, Vincent and Tobin, Mark and Tolk, Siim and Tomassetti, Luca and Tonelli, Diego and Topp-Joergensen, Stig and Torr, Nicholas and Tournefier, Edwige and Tourneur, Stephane and Tran, Minh T{\^a}m and Tresch, Marco and Tsaregorodtsev, Andrei and Tsopelas, Panagiotis and Tuning, Niels and Ubeda Garcia, Mario and Ukleja, Artur and Ustyuzhanin, Andrey and Uwer, Ulrich and Vacca, Claudia and Vagnoni, Vincenzo and Valenti, Giovanni and Vallier, Alexis and Vazquez Gomez, Ricardo and Vazquez Regueiro, Pablo and V{\'a}zquez Sierra, Carlos and Vecchi, Stefania and Velthuis, Jaap and Veltri, Michele and Veneziano, Giovanni and Vesterinen, Mika and Viaud, Benoit and Vieira, Daniel and Vieites Diaz, Maria and Vilasis-Cardona, Xavier and Vollhardt, Achim and Volyanskyy, Dmytro and Voong, David and Vorobyev, Alexey and Vorobyev, Vitaly and Vo{\ss}, Christian and de Vries, Jacco and Waldi, Roland and Wallace, Charlotte and Wallace, Ronan and Walsh, John and Wandernoth, Sebastian and Wang, Jianchun and Ward, David and Watson, Nigel and Websdale, David and Whitehead, Mark and Wicht, Jean and Wiedner, Dirk and Wilkinson, Guy and Williams, Matthew and Williams, Mike and Wilschut, Hans and Wilson, Fergus and Wimberley, Jack and Wishahi, Julian and Wislicki, Wojciech and Witek, Mariusz and Wormser, Guy and Wotton, Stephen and Wright, Simon and Wyllie, Kenneth and Xie, Yuehong and Xing, Zhou and Xu, Zhirui and Yang, Zhenwei and Yuan, Xuhao and Yushchenko, Oleg and Zangoli, Maria and Zavertyaev, Mikhail and Zhang, Liming and Zhang, Wen Chao and Zhang, Yanxi and Zhelezov, Alexey and Zhokhov, Anatoly and Zhong, Liang and Zvyagin, Alexander},
	Collaboration = {LHCb collaboration},
	Journal = {Int. J. Mod. Phys. A},
	Month = {Dec},
	Number = {arXiv:1412.6352. CERN-PH-EP-2014-290. LHCB-DP-2014-002. CERN-LHCB-DP-2014-002},
	Pages = {1530022. 82 p},
	Reportnumber = {arXiv:1412.6352},
	Title = {{LHCb Detector Performance}},
	Url = {https://cds.cern.ch/record/1978280},
	Volume = {30},
	Year = {2014},
	Bdsk-Url-1 = {https://cds.cern.ch/record/1978280}}

@article{Alves:1129809,
	Author = {Alves, A Augusto and Andrade, L M and Barbosa-Ademarlaudo, F and Bediaga, I and Cernicchiaro, G and Guerrer, G and Lima, H P and Machado, A A and Magnin, J and Marujo, F and De Miranda, J M and Reis, A and Santos, A and Toledo, A and Akiba, K and Amato, S and de Paula, B and De Paula, L and Da Silva, T and Gandelman, M and Lopes, J H and Mar{\'e}chal, B and Moraes, D and Polycarpo, E and Rodrigues, F and Ballansat, J and Bastian, Y and Boget, D and De Bonis, I and Coco, V and David, P Y and D{\'e}camp, D and Delebecque, P and Drancourt, C and Dumont-Dayot, N and Girard, C and Lieunard, B and Minard, M N and Pietrzyk, B and Rambure, T and Rospabe, G and T'Jampens, S and Ajaltouni, Z and B{\"o}hner, G and Bonnefoy, R and Borras, D and C{\^a}rloganu, C and Chanal, H and Conte, E and Cornat, R and Crouau, M and Delage, E and Deschamps, O and Henrard, P and Jacquet, P and Lacan, C and Laubser, J and Lecoq, J and Lef{\`e}vre, R and Magne, M and Martemyanov, M and Mercier, M L and Monteil, S and Niess, V and Perret, P and Reinmuth, G and Robert, A and Suchorski, S and Arnaud, K and Aslanides, E and Babel, J and Benchouk, C and Cachemiche, J P and Cogan, J and Derue, F and Dinkespiler, B and Duval, P Y and Garonne, V and Favard, S and Le Gac, R and Leon, F and Leroy, O and Liotard, P L and Marin, F and Menouni, M and Ollive, P and Poss, S and Roche, A and Sapunov, M and Tocco, L and Viaud, B and Tsaregorodtsev, A and Amhis, Y and Barrand, G and Barsuk, S and Beigbeder, C and Beneyton, R and Breton, D and Callot, O and Charlet, D and D'Almagne, B and Duarte, O and Fulda-Quenzer, F and Jacholkowska, A and Jean-Marie, B and Lefran{\c c}ois, J and Machefert, F and Robbe, P and Schune, M H and Tocut, V and Videau, I and Benayoun, M and David, P and Del Buono, L and Gilles, G and Domke, M and Futterschneider, H and Ilgner, C and Kapusta, P and Kolander, M and Krause, R and Lieng, M and Nedos, M and Rudloff, K and Schleich, S and Schwierz, R and Spaan, B and Wacker, K and Warda, K and Agari, M and Bauer, C and Baumeister, D and Bulian, N and Fuchs, H P and Fallot-Burghardt, W and Glebe, T and Hofmann, W and Kn{\"o}pfle, K T and L{\"o}chner, S and Ludwig, A and Maciuc, F and S{\'a}nchez-Nieto, F and Schmelling, M and Schwingenheuer, B and Sexauer, E and Smale, N J and Trunk, U and Voss, H and Albrecht, J and Bachmann, S and Blouw, J and Deissenroth, M and Deppe, H and Dreis, H B and Eisele, F and Haas, T and Hansmann-Menzemer, S and Hennenberger, S and Knopf, J and Moch, M and Perieanu, A and Rabenecker, S and Rausch, A and Rummel, C and Rusnyak, R and Schiller, M and Stange, U and Uwer, U and Walter, M and Ziegler, R and Avoni, G and Balbi, G and Bonifazi, F and Bortolotti, D and Carbone, A and D'Antone, I and Galli, D and Gregori, D and Lax, I and Marconi, U and Peco, G and Vagnoni, V and Valenti, G and Vecchi, S and Bonivento, W and Cardini, A and Cadeddu, S and De Leo, V and Deplano, C and Furcas, S and Lai, A and Oldeman, R and Raspino, D and Saitta, B and Serra, N and Baldini, W and Brusa, S and Chiozzi, S and Cotta-Ramusino, A and Evangelisti, F and Franconieri, A and Germani, S and Gianoli, A and Guoming, L and Landi, L and Malaguti, R and Padoan, C and Pennini, C and Savri{\'e}, M and Squerzanti, S and Zhao, T and Zhu, M and Bizzeti, A and Graziani, G and Lenti, M and Lenzi, M and Maletta, F and Pennazzi, S and Passaleva, G and Veltri, M and Alfonsi, M and Anelli, M and Balla, A and Battisti, A and Bencivenni, G and Campana, P and Carletti, M and Ciambrone, P and Corradi, G and Dane, E and DiVirgilio, A and De Simone, P and Felici, G and Forti, C and Gatta, M and Lanfranchi, G and Murtas, F and Pistilli, M and Poli-Lener, M and Rosellini, R and Santoni, M and Saputi, A and Sarti, A and Sciubba, A and Zossi, A and Ameri, M and Cuneo, S and Fontanelli, F and Gracco, V and Mini, G and Parodi, M and Petrolini, A and Sannino, M and Vinci, A and Alemi, M and Arnaboldi, C and Bellunato, T and Calvi, M and Chignoli, F and De Lucia, A and Galotta, G and Mazza, R and Matteuzzi, C and Musy, M and Negri, P and Perego, D and Pessina, G and Auriemma, G and Bocci, V and Buccheri, A and Chiodi, G and Di Marco, S and Iacoangeli, F and Martellotti, G and Nobrega, R and Pelosi, A and Penso, G and Pinci, D and Rinaldi, W and Rossi, A and Santacesaria, R and Satriano, C and Carboni, G and Iannilli, M and Massafferri Rodrigues, A and Messi, R and Paoluzzi, G and Sabatino, G and Santovetti, E and Satta, A and Amoraal, J and van Apeldoorn, G and Arink, R and Van Bakel, N and Band, H and Bauer, T and Berkien, A and van Beuzekom, M and Bos, E and Bron, C and Ceelie, L and Doets, M and Van der Eijk, R and Fransen, J P and de Groen, P and Gromov, V and Hierck, R and Homma, J and Hommels, B and Hoogland, W and Jans, E and Jansen, F and Jansen, L and Jaspers, M and Kaan, B and K{\"o}ne, B and Koopstra, J and Kroes, F and Kraan, M and Langedijk, J and Merk, M and Mos, S and Munneke, B and Palacios, J and Papadelis, A and Pellegrino, A and Van Petten, O and du Pree, T and Roeland, E and R{\"u}ckstuhl, W and Schimmel, A and Schuijlenburg, H and Sluijk, T and Spelt, J and Stolte, J and Terrier, H and Tuning, N and Van Lysebetten, A and Vankov, P and Verkooijen, J and Verlaat, B and Vink, W and De Vries, H and Wiggers, L and Ybeles Smit, G and Zaitsev, N and Zupan, M and Zwart, A and van den Brand, J and Bulten, H J and De Jong, M and Ketel, T and Klous, S and Kos, J and M'charek, B and Mul, F and Raven, G and Simioni, E and Cheng, J and Dai, G and Deng, Z and Gao, Y and Gong, G and Gong, H and He, J and Hou, L and Li, J and Qian, W and Shao, B and Xue, T and Yang, Z and Zeng, M and Muryn, B and Ciba, K and Oblakowska-Mucha, A and Blocki, J and Galuszka, K and Hajduk, L and Michalowski, J and Natkaniec, Z and Polok, G and Stodulski, M and Witek, M and Brzozowski, K and Chlopik, A and Gawor, P and Guzik, Z and Nawrot, A and Srednicki, A and Syryczynski, K and Szczekowski, M and Constantin, F and Cristian, P and Mihon, G and Pavel, C and Stoica, S and Filippov, S and Gavrilov, Yu and Golyshkin, L and Gushchin, E and Karavichev, O and Klubakov, V and Kravchuk, L and Kutuzov, V and Laptev, S and Popov, S and Arefev, A and Bobchenko, B and Dolgoshein, V and Egorychev, V and Golutvin, A and Gushchin, O and Konoplyannikov, A and Korolko, I and Kvaratskheliia, T and Machikhiliyan, I and Malyshev, S and Mayatskaya, E and Prokudin, M and Rusinov, D and Rusinov, V and Shatalov, P and Shchutska, L and Tarkovskiy, E and Tayduganov, A and Voronchev, K and Zhiryakova, O and Bobrov, A and Bondar, A and Eidelman, S and Kozlinsky, A and Shekhtman, L and Belous, K S and Dzhelyadin, R I and Gelitsky, Yu V and Gouz, Yu P and Kachnov, K G and Kobelev, A S and Matveev, V D and Novikov, V P and Obraztsov, V F and Ostankov, A P and Romanovsky, V I and Rykalin, V I and Soldatov, A P and Soldatov, M M and Tchernov, E N and Yushchenko, O P and Bochin, B and Bondar, N and Fedorov, O and Golovtsov, V and Guets, S and Kashchuk, A and Lazarev, V and Maev, O and Neustroev, P and Sagidova, N and Spiridenkov, E and Volkov, S and Vorobyev, An and Vorobyov, A and Aguil{\'o}, E and Bota, S and Calvo, M and Comerma, A and Cano, X and Di{\'e}guez, A and Herms, A and L{\'o}pez, E and Luengo, S and Garra, J and Garrido, L and Gasc{\'o}n, D and Gaspar de Valenzuela, A and Gonz{\'a}lez, C and Graciani, R and Graug{\`e}s-Pous, E and P{\'e}rez-Calero Yzquierdo, A and Picatoste, E and Riera, J and Rosell{\'o}, M and Ruiz, H and Vilas{\'\i}s, X and Xirgu, X and Adeva, B and Cid Vidal, X and Martenez Santos, D and Esperante-Pereira, D and Fungueirino-Pazos, J L and Gallas Torreira, A and Lois-G{\'o}mez, C and Pazos-Alvarez, A and P{\'e}rez-Trigo, E and Pl{\'o}-Casasus, M and Rodriguez Cobo, C and Rodriguez Perez, P and Saborido, J J and Seco, M and V{\'a}zquez-Regueiro, P and Bartalini, P and Bay, A and Bettler, M O and Blanc, F and Borel, J and Carron, B and Currat, C and Conti, G and Dormond, O and Ermoline, Y and Fauland, P and Fern{\'a}ndez, L and Frei, R and Gagliardi, G and Gueissaz, N and Haefeli, G and Hicheur, A and Jacoby, C and Jalocha, P and Jim{\'e}nez-Otero, S and Hertig, J P and Knecht, M and Legger, F and Locatelli, L and Moser, J R and Needham, M and Nicolas, L and Perrin-Giacomin, A and Perroud, Jean-Pierre and Potterat, C and Ronga, F and Schneider, O and Schietinger, T and Steele, D and Studer, L and Tareb, M and Tran, M T and van Hunen, J and Vervink, K and Villa, S and Zwahlen, N and Bernet, R and Buchler, A and Gassner, J and Lehner, F and Sakhelashvili, T and Salzmann, C and Sievers, P and Steiner, S and Steinkamp, O and Straumann, U and Van Tilburg, J and Vollhardt, A and Volyanskyy, D and Ziegler, M and Dovbnya, A and Ranyuk, Yu and Shapoval, I and Borisova, M and Iakovenko, V and Kyva, V and Kovalchuk, O and Okhrimenko, O and Pugatch, V and Pylypchenko, Yu and Adinolfi, M and Brook, N H and Head, R D and Imong, J P and Lessnoff, K A and Metlica, F C D and Muir, A J and Rademacker, J H and Solomin, A and Szczypka, P M and Barham, C and Buszello, C and Dickens, J and Gibson, V and Haines, S and Harrison, K and Jones, C R and Katvars, S and Kerzel, U and Lazzeroni, C and Li, Y Y and Rogers, G and Storey, J and Skottowe, H and Wotton, S A and Adye, T J and Densham, C J and Easo, S and Franek, B and Loveridge, P and Morrow, D and Morris, J V and Nandakumar, R and Nardulli, J and Papanestis, A and Patrick, G N and Ricciardi, S and Woodward, M L and Zhang, Z and Chamonal, R J U and Clark, P J and Clarke, P and Eisenhardt, S and Gilardi, N and Khan, A and Kim, Y M and Lambert, Robert W and Lawrence, J and Main, A and McCarron, J and Mclean, C and Muheim, F and Osorio-Oliveros, A F and Playfer, S and Styles, N and Xie, Y and Bates, A and Carson, L and da Cunha Marinho, F and Doherty, F and Eklund, L and Gersabeck, M and Haddad, L and Macgregor, A A and Melone, J and McEwan, F and Petrie, D M and Paterson, S K and Parkes, C and Pickford, A and Rakotomiaramanana, B and Rodrigues, E and Saavedra, A F and Soler, F J P and Szumlak, T and Viret, S and Allebone, L and Awunor, O and Back, J and Barber, G and Barnes, C and Cameron, B and Clark, D and Clark, I and Dornan, Peter John and Duane, A and Eames, C and Egede, U and Girone, M and Greenwood, S and Hallam, R and Hare, R and Howard, A and Jolly, S and Kasey, V and Khaleeq, M and Koppenburg, P and Miller, D and Plackett, R and Price, D and Reece, W and Savage, P and Savidge, T and Simmons, B and Vidal-Sitjes, G and Websdale, D M and Affolder, A and Anderson, J S and Biagi, S F and Bowcock, T J V and Carroll, J L and Casse, G and Cooke, P and Donleavy, S and Dwyer, L and Hennessy, K and Huse, T and Hutchcroft, D and Jones, D and Lockwood, M and McCubbin, M and McNulty, R and Muskett, D and Noor, A and Patel, G D and Rinnert, K and Shears, T G and Smith, N A and Southern, G and Stavitski, I and Sutcliffe, P and Tobin, M and Traynor, S M and Turner, P and Whitley, M and Wormald, M and Wright, V and Bibby, J H and Brisbane, S and Brock, M and Charles, M and Cioffi, C and Gligorov, V V and Handford, T and Harnew, N and Harris, F and John, M J J and Jones, M and Libby, J and Martin, L and McArthur, I A and Muresan, R and Newby, C and Ottewell, B and Powell, A and Rotolo, N and Senanayake, R S and Somerville, L and Soroko, A and Spradlin, P and Sullivan, P and Stokes-Rees, I and Topp-J{\o}rgensen, S and Xing, F and Wilkinson, G and Artuso, M and Belyaev, I and Blusk, S and Lefeuvre, G and Menaa, N and Menaa-Sia, R and Mountain, R and Skwarnicki, T and Stone, S and Wang, J C and Abadie, L and Aglieri-Rinella, G and Albrecht, E and Andr{\'e}, J and Anelli, G and Arnaud, N and Augustinus, A and Bal, F and Barandela Pazos, M C and Barczyk, A and Bargiotti, M and Batista Lopes, J and Behrendt, O and Berni, S and Binko, P and Bobillier, V and Braem, Andr{\'e} and Brarda, L and Buytaert, J and Camilleri, L and Cambpell, M and Castellani, G and Cataneo, F and Cattaneo, M and Chadaj, B and Charpentier, P and Cherukuwada, S and Chesi, Enrico Guido and Christiansen, J and Chytracek, R and Clemencic, M and Closier, J and Collins, P and Colrain, P and Cooke, O and Corajod, B and Corti, G and D'Ambrosio, C and Damodaran, B and David, C and De Capua, S and Decreuse, G and Degaudenzi, H and Dijkstra, H and Droulez, J P and Duarte Ramos, D and Dufey, J P and Dumps, R and Eckstein, D and Ferro-Luzzi, M and Fiedler, F and Filthaut, F and Flegel, W and Forty, R W and Fournier, C and Frank, M and Frei, C and Gaidioz, B and Gaspar, C and Gayde, J C and Gavillet, P and Go, A and Gracia-Abril, G and Graulich, J S and Giudici, P A and Guirao-Elias, A and Guglielmini, P and Gys, T and Hahn, F and Haider, S and Harvey, J and Hay, B and Hernando-Morata, J A and Herranz Alvarez, J and Van Herwijnen, E and Hilke, H J and Von Holtey, G and Hulsbergen, W and Jacobsson, R and Jamet, O and Joram, C and Jost, B and Kanaya, N and Knaster Refolio, J and K{\"o}stner, S and Koratzinos, M and Kristic, R and Lacarr{\`e}re, D and Lasseur, C and Lastoviicka, T and Laub, M and Liko, D and Lippmann, C and Lindner, R and Losasso, M and Maier, A and Mair, K and Maley, P and Mato-Vila, P and Moine, G and Morant, J and Moritz, M and Moscicki, J and M{\"u}cke, M and M{\"u}ller, H and Nakada, T and Neufeld, N and Ocariz, J and Padilla Aranda, C and Parzefall, U and Patel, M and Pep{\'e}-Altarelli, M and Piedigrossi, D and Pivk, M and Pokorski, Witold and Ponce, S and Ranjard, F and Riegler, W and Renaud, J and Roiser, S and Rossi, A and Roy, L and Ruf, T and Ruffinoni, D and Saladino, S and Sambade Varela, A and Santinelli, R and Schmelling, S and Schmidt, B and Schneider, T and Sch{\"o}ning, A and Schopper, A and S{\'e}guinot, Jacques and Snoeys, W and Smith, A and Smith, A C and Somogyi, P and Stoica, R and Tejessy, W and Teubert, F and Thomas, E and Toledo-Alarcon, J and Ullaland, O and Valassi, A and Vannerem, P and Veness, R and Wicht, P and Wiedner, D and Witzeling, W and Wright, A and Wyllie, K and Ypsilantis, T},
	Collaboration = {LHCb Collaboration},
	Journal = {J. Instrum.},
	Note = {Also published by CERN Geneva in 2010},
	Number = {LHCb-DP-2008-001. CERN-LHCb-DP-2008-001},
	Pages = {S08005},
	Title = {{The LHCb Detector at the LHC}},
	Url = {http://cds.cern.ch/record/1129809},
	Volume = {3},
	Year = {2008},
	Bdsk-Url-1 = {http://cds.cern.ch/record/1129809}}

@book{halzen1984quarks,
	Author = {Halzen, F. and Martin, A.D.},
	Lccn = {83014649},
	Publisher = {Wiley},
	Title = {Quarks and leptons: an introductory course in modern particle physics},
	Url = {https://books.google.co.uk/books?id=zwDvAAAAMAAJ},
	Year = {1984},
	Bdsk-Url-1 = {https://books.google.co.uk/books?id=zwDvAAAAMAAJ}}

@article{PDG2014CKM,
	Author = {Olive, K. A. and others},
	Collaboration = {Particle Data Group},
	Date-Modified = {2015-09-20 15:35:23 +0000},
	Doi = {10.1088/1674-1137/38/9/090001},
	Journal = {Chin. Phys.},
	Pages = {090001},
	Title = {{\href{http://pdg.lbl.gov/2014/reviews/rpp2014-rev-ckm-matrix.pdf}{PDG Chapter 12 CKM quark-mixing matrix}}},
	Volume = {C38},
	Year = {2014},
	Bdsk-Url-1 = {http://dx.doi.org/10.1088/1674-1137/38/9/090001}}
